@book{schwablQM,
  title={Quantenmechanik (QM I): Eine Einf{\"u}hrung},
  author={Schwabl, F.},
  isbn={9783662096291},
  series={Springer-Lehrbuch},
  year={2013},
  publisher={Springer Berlin Heidelberg}
}

@book{demtröderEP2,
  title={Experimentalphysik 2: Elektrizit{\"a}t und Optik},
  author={Demtr{\"o}der, W.},
  isbn={9783662557907},
  series={Springer-Lehrbuch},
  year={2018},
  publisher={Springer Berlin Heidelberg}
}

@book{demtröderEP3,
  title={Experimentalphysik 3: Atome, Molek{\"u}le und Festk{\"o}rper},
  author={Demtr{\"o}der, W.},
  isbn={9783662490945},
  series={Springer-Lehrbuch},
  year={2016},
  publisher={Springer Berlin Heidelberg}
}

@book{eichlerLASER,
  title={Laser: Bauformen, Strahlf{\"u}hrung, Anwendungen},
  author={Eichler, H.J. and Eichler, J.},
  isbn={9783642414381},
  year={2015},
  publisher={Springer Berlin Heidelberg}
}

@book{demtröderLASER,
  title={Laserspektroskopie: Grundlagen und Techniken},
  author={Demtr{\"o}der, W.},
  isbn={9783662082669},
  year={2013},
  publisher={Springer Berlin Heidelberg}
}


@misc{anleitungHENE,
  author = {{Arbeitsgruppe Prof. Dr. Christoph Becher}},
  title = {Anleitung zum Fortgeschrittenenpraktikumsversuch - Grundlagen der Laserphysik Helium-Neon-Laser},
  year = {2013},
  note = {Abgerufen am 02.01.25},
  url = {https://www.uni-saarland.de/fileadmin/upload/fakultaet-nt/fopra/AnleitungenDeutsch/He-Ne_Laser.pdf}
}

@misc{anleitungZEEMAN,
  author = {{Arbeitsgruppe Prof. Dr. Jürgen Eschner}},
  title = {\textit{Anleitung zum {Fortgeschrittenenpraktikumsversuch} {Zeeman}-{Effekt}}},
  year = {2017},
  note = {\url{https://www.uni-saarland.de/fileadmin/upload/fakultaet-nt/fopra/AnleitungenDeutsch/Zeeman.pdf} Last accessed 2 January 2025},
  
}

@book{griffithsQM,
  title={Introduction to Quantum Mechanics},
  author={Griffiths, D.J. and Schroeter, D.F.},
  isbn={9781108103145},
  year={2019},
  publisher={Cambridge University Press}
}
@article{sodiumdata,
author = {Steck, D.A.},

note ={Available online at \url{http://steck.us/alkalidata} (revision 2.3.3, 28
May 2024)},
title = {\textit{Sodium {D} line data}}
}
